@article{shen2023holier,
  title={Holier Than Thou: Partisan Gap in the Consumption of Pornography Online},
  author={Shen, Lucas and Sood, Gaurav},
  year={2023}
}

@misc{chintalapati2022,
  title={piedomains: Predict the kind of content hosted by a domain based on domain name and content},
  author={Chintalapati, Rajashekar and Sood, Gaurav},
  year={2022},
  url = {https://github.com/themains/piedomains/}
}
